<?xml version="1.0" encoding="UTF-8"?><collection xmlns="http://www.loc.gov/MARC21/slim"><record><leader>00440nam--2200133-i-4500</leader><controlfield tag="001">000047356</controlfield><controlfield tag="002">20161230</controlfield><controlfield tag="005">20161230201046</controlfield><controlfield tag="008">060222s1000------------r-----000-0-eng-d</controlfield><datafield ind1=" " ind2=" " tag="080"><subfield code="a">533.59(043)</subfield></datafield><datafield ind1=" " ind2=" " tag="100"><subfield code="a">Wiedenmann,Hana-martin</subfield></datafield><datafield ind1=" " ind2=" " tag="245"><subfield code="a">Untersuchung der einschsigen und der lokalen anisotropie dunner permalloy-schichten durch tempern im ultra-hochvakuun. dissert</subfield></datafield><datafield ind1=" " ind2=" " tag="260"><subfield code="a">Munchen,Hans-martin-wiedenmann, 1970. 94 P</subfield></datafield><datafield ind1=" " ind2=" " tag="852"><subfield code="a">78266</subfield></datafield></record></collection>